
@book{johnston_programming_2019,
	address = {Boston, MA},
	title = {Programming {Qauntum} {Computers}},
	publisher = {O'Reilly},
	author = {Johnston, Eric R. and Harrigan, Nic and Gimeno-Segovia, Mercedes},
	year = {2019},
}

@unpublished{oster_efficient_2017,
	title = {Efficient satifiability verfication for conditional importance networks},
	author = {Oster, Zachary J.},
	year = {2017},
}

@mastersthesis{cirasella_classical_2006,
	address = {Amsterdam},
	title = {Classical and quantum algorithms for finding cycles},
	school = {University of Amsterdam},
	author = {Cirasella, Jill},
	month = jan,
	year = {2006},
}

@misc{cirasella_classical_2006-1,
	address = {Brookyln College},
	title = {Classical and quantum algorithms for finding cycles},
	author = {Cirasella, Jill},
	month = jul,
	year = {2006},
}

@unpublished{oster_scalable_2015,
	title = {Scalable modeling and analysis of requirements preferences: {A} qualitative approach using {CI}-nets},
	author = {Oster, Zachary J. and Santhanam, Ganesh Ram and Basu, Samik},
	year = {2015},
}
