
@book{grumbling_quantum_2019,
	address = {Washington, DC},
	title = {Quantum {Computing} {Progress} and {Prospects}},
	publisher = {The National Academies Press},
	editor = {Grumbling, Emily and Horowitz, Mark},
	year = {2019},
}

@book{chen_post-quantum_nodate,
	title = {Post-{Quantum} {Cryptography} {\textbackslash}textbar {CSRC}},
	url = {https://csrc.nist.gov/projects/post-quantum-cryptography},
	urldate = {2021-01-28},
	author = {Chen, Lily and Moody, Dustin and Liu, Yi-Kai},
}

@techreport{bos_security_2009,
	type = {Preprint},
	title = {On the {Security} of 1024-bit {RSA} and 160-bit {Elliptic} {Curve} {Cryptography}},
	url = {https://eprint.iacr.org/2009/389.pdf},
	author = {Bos, Joppe W. and Kaihara, Marcelo E. and Kleinjung, Thorsten and Lenstra, Arjen K. and Montgomery, Peter L.},
	month = sep,
	year = {2009},
}

@article{cao_quantum_2019,
	title = {Quantum {Chemistry} in the {Age} of {Quatum} {Computing}},
	volume = {119},
	doi = {10.1021/acs.chemrev.8b00803},
	number = {19},
	journal = {Chemical Reviews},
	author = {Cao, Yudong and Romero, Johnathan and Olson, Jonathan P. and Degroote, Matthias and Johnson, Peter D. and {Kieferová, Mária} and Kivlichan, Ian D. and Menke, Tim and Peropadre, Borja and Sawaya, Nicholas P.D. and Sim, Sukin and Veis, Libor and Aspuru-Guzik, Alán},
	year = {2019},
	pages = {10856--10915},
}

@misc{dabbar_quantum_2020,
	title = {The {Quantum} {Internet} of {The} {Future} is {Here}},
	url = {https://www.energy.gov/articles/quantum-internet-future-here},
	author = {Dabbar, Paul M.},
	month = jul,
	year = {2020},
}

@article{peng_experimental_2007,
	title = {Experimental long-distance decoy-state quantum key distribution based on polarization encoding},
	volume = {98},
	number = {010505},
	journal = {Physical Review Letters},
	author = {Peng, C-Z and Zhang, J and Yang, D and Gao, W-B and Ma, H-X and Zeng, H-P and Yang, T and Bin Wang, X and Pan, J-W},
	year = {2007},
}

@article{lu_chao-yang_quantum_2018,
	title = {Quantum {Communication} at 7,600km and {Beyond}},
	volume = {61},
	number = {11},
	journal = {Communications of the ACM},
	author = {{Lu, Chao-Yang} and {Peng, Chen-Zhi} and {Pan, Jian-Wei}},
	month = nov,
	year = {2018},
	pages = {42--43},
}

@article{dagmar_quantum_2007,
	title = {Quantum cryptography: {A} survey},
	volume = {392},
	number = {2},
	journal = {ACM Computing Surveys},
	author = {Dagmar, Bruss and Erdelyi, Gabor and {Meyer, Tim} and {Reige, Tobias} and Rothe, Jorg},
	month = jun,
	year = {2007},
}
