
@book{grumbling_quantum_2019,
	address = {Washington, DC},
	title = {Quantum {Computing} {Progress} and {Prospects}},
	publisher = {The National Academies Press},
	editor = {Grumbling, Emily and Horowitz, Mark},
	year = {2019}
}

@misc{chen_post-quantum_nodate,
	title = {Post-{Quantum} {Cryptography} {\textbar} {CSRC}},
	url = {https://csrc.nist.gov/projects/post-quantum-cryptography},
	urldate = {2021-01-28},
	author = {Chen, Lily and Moody, Dustin and Liu, Yi-Kai}
}

@techreport{bos_security_2009,
	type = {Preprint},
	title = {On the {Security} of 1024-bit {RSA} and 160-bit {Elliptic} {Curve} {Cryptography}},
	url = {https://eprint.iacr.org/2009/389.pdf},
	author = {Bos, Joppe W. and Kaihara, Marcelo E. and Kleinjung, Thorsten and Lenstra, Arjen K. and Montgomery, Peter L.},
	month = sep,
	year = {2009}
}

@article{cao_quantum_2019,
	title = {Quantum {Chemistry} in the {Age} of {Quatum} {Computing}},
	volume = {119},
	doi = {10.1021/acs.chemrev.8b00803},
	number = {19},
	journal = {Chemical Reviews},
	author = {Cao, Yudong and Romero, Johnathan and Olson, Jonathan P. and Degroote, Matthias and Johnson, Peter D. and {Kieferová, Mária} and Kivlichan, Ian D. and Menke, Tim and Peropadre, Borja and Sawaya, Nicholas P.D. and Sim, Sukin and Veis, Libor and Aspuru-Guzik, Alán},
	year = {2019},
	pages = {10856--10915}
}
